@online{fowler:test-pyramid,
  author = "Martin Fowler",
  title = "TestPyramid",
  year = "2012",
  url = "https://martinfowler.com/bliki/TestPyramid.html",
  urldate = "2018-11-25"
}

@online{fowler:integration-test,
  author = "Martin Fowler",
  title = "IntegrationTest",
  year = "2018",
  url = "https://martinfowler.com/bliki/IntegrationTest.html",
  urldate = "2018-11-25"
}

@online{fowler:component-test,
  author = "Martin Fowler",
  title = "ComponentTest",
  year = "2013",
  url = "https://martinfowler.com/bliki/ComponentTest.html",
  urldate = "2018-11-25"
}

@online{martin:solid,
  author = "Robert C. Martin",
  title = "The Principles of OOD",
  url = "http://butunclebob.com/ArticleS.UncleBob.PrinciplesOfOod",
  urldate = "2018-11-25"
}

